<?xml version="1.0" encoding="UTF-8"?><record xmlns="http://www.loc.gov/MARC21/slim" xmlns:cinclude="http://apache.org/cocoon/include/1.0" xmlns:zs="http://www.loc.gov/zing/srw/">
  <leader>00567nz  a2200145n  4500</leader>
  <controlfield tag="001">no 96063093 </controlfield>
  <controlfield tag="003">DLC</controlfield>
  <controlfield tag="005">19961129051006.0</controlfield>
  <controlfield tag="008">961127n| acannaab|          |a ana     c</controlfield>
  <datafield tag="010" ind1=" " ind2=" ">
    <subfield code="a">no 96063093 </subfield>
  </datafield>
  <datafield tag="035" ind1=" " ind2=" ">
    <subfield code="a">(OCoLC)oca04218610 </subfield>
  </datafield>
  <datafield tag="040" ind1=" " ind2=" ">
    <subfield code="a">NcU</subfield>
    <subfield code="c">NcU</subfield>
  </datafield>
  <datafield tag="110" ind1="2" ind2="0">
    <subfield code="a">Assessorato all'istruzione e alla cultura del Comune di Cremona</subfield>
  </datafield>
  <datafield tag="410" ind1="1" ind2="0">
    <subfield code="a">Cremona (Italy).</subfield>
    <subfield code="b">Assessorato all'istruzione e alla cultura</subfield>
  </datafield>
  <datafield tag="670" ind1=" " ind2=" ">
    <subfield code="a">Reperti archeologici provenienti da Roma e Lazio nel Museo civico di Cremona, 1987:</subfield>
    <subfield code="b">p. 4 (Assessorato all'istruzione e alla cultura del Comune di Cremona)</subfield>
  </datafield>
</record>